<?xml version="1.0" encoding="UTF-8"?><collection xmlns="http://www.loc.gov/MARC21/slim"><record><leader>00415nam--2200133-i-4500</leader><controlfield tag="001">000036861</controlfield><controlfield tag="002">20161230</controlfield><controlfield tag="005">20161230201041</controlfield><controlfield tag="008">060222s1000------------r-----000-0-eng-d</controlfield><datafield ind1=" " ind2=" " tag="100"><subfield code="a">Pokorski, S.And Thomas, G.H</subfield></datafield><datafield ind1=" " ind2=" " tag="245"><subfield code="a">New features in a dual description of pn at rest</subfield></datafield><datafield ind1=" " ind2=" " tag="260"><subfield code="a">Helsinki, Research Inst.For Theoretical Physics, 1970, 10p.+ 3 Fig</subfield></datafield><datafield ind1=" " ind2=" " tag="490"><subfield code="a">Preprint Series In Theoretical Phys</subfield></datafield><datafield ind1=" " ind2=" " tag="852"><subfield code="a">33372</subfield></datafield></record></collection>